Date,City,PID,Sales
2024-04-30 00:00:00,Noida,PBUD039,53661
2024-02-29 00:00:00,Kolkata,PBUD038,60848
2024-02-29 00:00:00,Gurugram,PBUD039,53505
2024-07-31 00:00:00,Gurugram,PBUD037,112005
2024-02-29 00:00:00,Gtr Noida,PBUD034,45895
2024-01-31 00:00:00,Kolkata,PBUD034,73642
2024-10-31 00:00:00,Gtr Noida,PBUD038,116373
2024-05-31 00:00:00,Noida,PBUD037,65044
2024-01-31 00:00:00,Gurugram,PBUD037,85650
2024-05-31 00:00:00,Jaipur,PBUD037,92821
2024-10-31 00:00:00,Jaipur,PBUD040,77134
2024-10-31 00:00:00,Noida,PBUD035,130185
2024-01-31 00:00:00,Kolkata,PBUD038,56860
2024-10-31 00:00:00,Delhi,PBUD035,110749
2024-02-29 00:00:00,Jaipur,PBUD036,58527
2024-10-31 00:00:00,Kolkata,PBUD035,64030
2024-07-31 00:00:00,Noida,PBUD035,68367
2024-08-31 00:00:00,Gtr Noida,PBUD038,70450
2024-08-31 00:00:00,Noida,PBUD037,48787
2024-07-31 00:00:00,Delhi,PBUD034,75300
2024-11-30 00:00:00,Gurugram,PBUD035,107792
2024-03-31 00:00:00,Delhi,PBUD037,82510
2024-09-30 00:00:00,Kolkata,PBUD039,48771
2024-03-31 00:00:00,Gtr Noida,PBUD038,84833
2024-08-31 00:00:00,Kolkata,PBUD040,102459
2024-12-31 00:00:00,Delhi,PBUD039,35704
2024-04-30 00:00:00,Gurugram,PBUD036,79627
2024-02-29 00:00:00,Jaipur,PBUD035,63863
2024-02-29 00:00:00,Kolkata,PBUD040,83009
2024-07-31 00:00:00,Gtr Noida,PBUD039,129040
2024-02-29 00:00:00,Jaipur,PBUD039,96600
2024-06-30 00:00:00,Kolkata,PBUD035,130053
2024-11-30 00:00:00,Kolkata,PBUD040,34441
2024-12-31 00:00:00,Kolkata,PBUD034,124785
2024-01-31 00:00:00,Gurugram,PBUD040,121986
2024-03-31 00:00:00,Gtr Noida,PBUD035,100796
2024-08-31 00:00:00,Kolkata,PBUD035,76626
2024-02-29 00:00:00,Gurugram,PBUD036,55123
2024-08-31 00:00:00,Jaipur,PBUD038,44326
2024-03-31 00:00:00,Kolkata,PBUD034,50578
2024-07-31 00:00:00,Gtr Noida,PBUD035,95048
2024-11-30 00:00:00,Gurugram,PBUD037,103124
2024-11-30 00:00:00,Gtr Noida,PBUD038,48589
2024-12-31 00:00:00,Gtr Noida,PBUD037,42556
2024-03-31 00:00:00,Noida,PBUD037,82195
2024-08-31 00:00:00,Gtr Noida,PBUD039,107923
2024-08-31 00:00:00,Gurugram,PBUD037,119415
2024-04-30 00:00:00,Gurugram,PBUD037,44648
2024-06-30 00:00:00,Noida,PBUD040,83833
2024-12-31 00:00:00,Gtr Noida,PBUD036,134617
2024-12-31 00:00:00,Gurugram,PBUD034,75581
2024-07-31 00:00:00,Gurugram,PBUD040,38380
2024-09-30 00:00:00,Gtr Noida,PBUD040,100712
2024-04-30 00:00:00,Kolkata,PBUD038,93265
2024-03-31 00:00:00,Delhi,PBUD035,113587
2024-01-31 00:00:00,Noida,PBUD038,129846
2024-09-30 00:00:00,Delhi,PBUD035,130148
2024-05-31 00:00:00,Jaipur,PBUD038,83785
2024-09-30 00:00:00,Gurugram,PBUD040,97214
2024-01-31 00:00:00,Gurugram,PBUD038,78419
2024-01-31 00:00:00,Gurugram,PBUD034,68992
2024-04-30 00:00:00,Gtr Noida,PBUD036,120830
2024-05-31 00:00:00,Gurugram,PBUD038,97787
2024-10-31 00:00:00,Gurugram,PBUD039,107653
2024-12-31 00:00:00,Jaipur,PBUD038,36288
2024-04-30 00:00:00,Gurugram,PBUD040,66278
2024-08-31 00:00:00,Jaipur,PBUD039,98205
2024-07-31 00:00:00,Noida,PBUD040,51028
2024-08-31 00:00:00,Noida,PBUD039,92009
2024-01-31 00:00:00,Noida,PBUD035,73246
2024-01-31 00:00:00,Jaipur,PBUD034,47862
2024-06-30 00:00:00,Gurugram,PBUD040,33622
2024-04-30 00:00:00,Gtr Noida,PBUD038,76973
2024-12-31 00:00:00,Gurugram,PBUD040,38581
2024-05-31 00:00:00,Gtr Noida,PBUD036,133232
2024-08-31 00:00:00,Noida,PBUD035,97576
2024-11-30 00:00:00,Kolkata,PBUD037,117770
2024-07-31 00:00:00,Delhi,PBUD038,121852
2024-08-31 00:00:00,Kolkata,PBUD038,62362
2024-05-31 00:00:00,Gtr Noida,PBUD040,64418
2024-12-31 00:00:00,Jaipur,PBUD036,62910
2024-11-30 00:00:00,Gtr Noida,PBUD036,30324
2024-10-31 00:00:00,Noida,PBUD039,99905
2024-04-30 00:00:00,Kolkata,PBUD039,35750
2024-04-30 00:00:00,Gurugram,PBUD034,134742
2024-03-31 00:00:00,Delhi,PBUD038,30177
2024-03-31 00:00:00,Jaipur,PBUD035,32532
2024-05-31 00:00:00,Gurugram,PBUD036,40207
2024-06-30 00:00:00,Gtr Noida,PBUD034,86093
2024-11-30 00:00:00,Jaipur,PBUD039,117303
2024-03-31 00:00:00,Delhi,PBUD036,65344
2024-10-31 00:00:00,Gtr Noida,PBUD034,96685
2024-07-31 00:00:00,Gurugram,PBUD036,93373
2024-07-31 00:00:00,Jaipur,PBUD040,70370
2024-01-31 00:00:00,Kolkata,PBUD039,105028
2024-09-30 00:00:00,Gtr Noida,PBUD038,115247
2024-11-30 00:00:00,Gtr Noida,PBUD039,106575
2024-05-31 00:00:00,Delhi,PBUD035,52648
2024-07-31 00:00:00,Noida,PBUD039,112086
2024-12-31 00:00:00,Gurugram,PBUD036,56804
2024-07-31 00:00:00,Delhi,PBUD036,116208
2024-09-30 00:00:00,Jaipur,PBUD038,92459
2024-05-31 00:00:00,Kolkata,PBUD037,30158
2024-08-31 00:00:00,Gurugram,PBUD035,84920
2024-04-30 00:00:00,Delhi,PBUD039,106396
2024-06-30 00:00:00,Gtr Noida,PBUD037,85445
2024-10-31 00:00:00,Delhi,PBUD036,107256
2024-09-30 00:00:00,Delhi,PBUD040,132118
2024-10-31 00:00:00,Jaipur,PBUD035,48607
2024-02-29 00:00:00,Kolkata,PBUD037,66384
2024-02-29 00:00:00,Jaipur,PBUD037,72361
2024-03-31 00:00:00,Gurugram,PBUD038,33411
2024-10-31 00:00:00,Noida,PBUD040,78515
2024-05-31 00:00:00,Gtr Noida,PBUD038,115642
2024-12-31 00:00:00,Gtr Noida,PBUD040,71963
2024-04-30 00:00:00,Gurugram,PBUD039,127795
2024-07-31 00:00:00,Jaipur,PBUD035,50658
2024-04-30 00:00:00,Jaipur,PBUD039,90643
2024-04-30 00:00:00,Jaipur,PBUD037,43787
2024-11-30 00:00:00,Delhi,PBUD037,106502
2024-09-30 00:00:00,Delhi,PBUD034,110567
2024-10-31 00:00:00,Kolkata,PBUD038,123864
2024-05-31 00:00:00,Jaipur,PBUD035,134117
2024-07-31 00:00:00,Noida,PBUD034,53492
2024-04-30 00:00:00,Kolkata,PBUD036,103520
2024-10-31 00:00:00,Noida,PBUD034,52370
2024-10-31 00:00:00,Delhi,PBUD040,45487
2024-10-31 00:00:00,Gurugram,PBUD040,78007
2024-03-31 00:00:00,Gtr Noida,PBUD039,86585
2024-02-29 00:00:00,Noida,PBUD036,132746
2024-03-31 00:00:00,Gurugram,PBUD039,105290
2024-01-31 00:00:00,Delhi,PBUD036,66831
2024-03-31 00:00:00,Gurugram,PBUD034,114080
2024-02-29 00:00:00,Gurugram,PBUD035,61613
2024-09-30 00:00:00,Gurugram,PBUD035,30297
2024-11-30 00:00:00,Kolkata,PBUD036,116861
2024-04-30 00:00:00,Jaipur,PBUD038,71602
2024-07-31 00:00:00,Noida,PBUD036,59800
2024-11-30 00:00:00,Gurugram,PBUD036,38452
2024-08-31 00:00:00,Delhi,PBUD040,55330
2024-05-31 00:00:00,Noida,PBUD040,70978
2024-06-30 00:00:00,Kolkata,PBUD040,114905
2024-08-31 00:00:00,Delhi,PBUD036,71113
2024-12-31 00:00:00,Noida,PBUD034,66540
2024-05-31 00:00:00,Kolkata,PBUD036,96791
2024-04-30 00:00:00,Noida,PBUD034,72213
2024-08-31 00:00:00,Kolkata,PBUD036,48373
2024-02-29 00:00:00,Kolkata,PBUD039,88288
2024-03-31 00:00:00,Gtr Noida,PBUD036,32253
2024-11-30 00:00:00,Jaipur,PBUD034,130993
2024-05-31 00:00:00,Kolkata,PBUD038,47385
2024-09-30 00:00:00,Noida,PBUD037,35693
2024-05-31 00:00:00,Kolkata,PBUD035,52851
2024-07-31 00:00:00,Gtr Noida,PBUD034,61560
2024-06-30 00:00:00,Delhi,PBUD040,95893
2024-10-31 00:00:00,Delhi,PBUD038,57678
2024-08-31 00:00:00,Gtr Noida,PBUD040,99835
2024-07-31 00:00:00,Gtr Noida,PBUD038,81291
2024-07-31 00:00:00,Kolkata,PBUD039,90255
2024-08-31 00:00:00,Delhi,PBUD034,68941
2024-10-31 00:00:00,Jaipur,PBUD036,38474
2024-06-30 00:00:00,Jaipur,PBUD039,34702
2024-04-30 00:00:00,Jaipur,PBUD040,128431
2024-09-30 00:00:00,Gurugram,PBUD036,83254
2024-12-31 00:00:00,Jaipur,PBUD040,89732
2024-12-31 00:00:00,Delhi,PBUD040,61634
2024-12-31 00:00:00,Gurugram,PBUD035,55054
2024-05-31 00:00:00,Noida,PBUD035,62381
2024-07-31 00:00:00,Jaipur,PBUD034,56776
2024-06-30 00:00:00,Gurugram,PBUD034,107823
2024-09-30 00:00:00,Gurugram,PBUD038,44930
2024-01-31 00:00:00,Noida,PBUD040,68643
2024-03-31 00:00:00,Gtr Noida,PBUD040,98114
2024-05-31 00:00:00,Gurugram,PBUD034,127682
2024-02-29 00:00:00,Delhi,PBUD038,130746
2024-10-31 00:00:00,Gurugram,PBUD038,87960
2024-01-31 00:00:00,Jaipur,PBUD036,49899
2024-06-30 00:00:00,Delhi,PBUD037,62895
2024-01-31 00:00:00,Gurugram,PBUD035,87438
2024-08-31 00:00:00,Gurugram,PBUD039,67283
2024-01-31 00:00:00,Kolkata,PBUD036,58642
2024-06-30 00:00:00,Gurugram,PBUD039,121673
2024-11-30 00:00:00,Gtr Noida,PBUD034,66763
2024-09-30 00:00:00,Gurugram,PBUD037,75868
2024-02-29 00:00:00,Kolkata,PBUD035,119176
2024-10-31 00:00:00,Gurugram,PBUD034,35477
2024-02-29 00:00:00,Delhi,PBUD039,63725
2024-11-30 00:00:00,Gurugram,PBUD040,58135
2024-05-31 00:00:00,Gtr Noida,PBUD037,126886
2024-01-31 00:00:00,Gtr Noida,PBUD035,30613
2024-02-29 00:00:00,Noida,PBUD035,94562
2024-11-30 00:00:00,Delhi,PBUD038,56496
2024-08-31 00:00:00,Noida,PBUD034,123611
2024-08-31 00:00:00,Jaipur,PBUD035,93797
2024-12-31 00:00:00,Delhi,PBUD037,63376
2024-07-31 00:00:00,Kolkata,PBUD038,62703
2024-03-31 00:00:00,Noida,PBUD038,84024
2024-02-29 00:00:00,Kolkata,PBUD036,105733
2024-06-30 00:00:00,Noida,PBUD035,86533
2024-11-30 00:00:00,Noida,PBUD036,45858
2024-01-31 00:00:00,Noida,PBUD037,82001
2024-03-31 00:00:00,Delhi,PBUD039,33571
2024-04-30 00:00:00,Kolkata,PBUD037,119081
2024-11-30 00:00:00,Jaipur,PBUD036,80632
2024-01-31 00:00:00,Delhi,PBUD034,63945
2024-12-31 00:00:00,Noida,PBUD036,49496
2024-03-31 00:00:00,Kolkata,PBUD038,47208
2024-07-31 00:00:00,Jaipur,PBUD036,123355
2024-05-31 00:00:00,Noida,PBUD038,88623
2024-03-31 00:00:00,Noida,PBUD035,120626
2024-12-31 00:00:00,Jaipur,PBUD039,51381
2024-08-31 00:00:00,Gurugram,PBUD034,69478
2024-05-31 00:00:00,Noida,PBUD039,45514
2024-06-30 00:00:00,Noida,PBUD037,82759
2024-04-30 00:00:00,Gtr Noida,PBUD035,42319
2024-01-31 00:00:00,Delhi,PBUD039,51619
2024-12-31 00:00:00,Kolkata,PBUD035,118133
2024-05-31 00:00:00,Kolkata,PBUD039,41311
2024-05-31 00:00:00,Gurugram,PBUD037,55212
2024-01-31 00:00:00,Delhi,PBUD040,83797
2024-08-31 00:00:00,Jaipur,PBUD034,78551
2024-10-31 00:00:00,Delhi,PBUD037,66107
2024-07-31 00:00:00,Kolkata,PBUD040,57855
2024-09-30 00:00:00,Noida,PBUD035,53017
2024-12-31 00:00:00,Jaipur,PBUD037,97615
2024-03-31 00:00:00,Delhi,PBUD034,110639
2024-11-30 00:00:00,Gtr Noida,PBUD037,132574
2024-10-31 00:00:00,Gurugram,PBUD036,95255
2024-04-30 00:00:00,Kolkata,PBUD035,72850
2024-11-30 00:00:00,Gurugram,PBUD034,78726
2024-11-30 00:00:00,Delhi,PBUD036,48032
2024-10-31 00:00:00,Jaipur,PBUD038,67584
2024-08-31 00:00:00,Gtr Noida,PBUD037,79904
2024-02-29 00:00:00,Kolkata,PBUD034,91700
2024-03-31 00:00:00,Kolkata,PBUD035,85128
2024-12-31 00:00:00,Kolkata,PBUD036,38573
2024-10-31 00:00:00,Delhi,PBUD039,82968
2024-01-31 00:00:00,Gtr Noida,PBUD039,50544
2024-11-30 00:00:00,Noida,PBUD038,39366
2024-01-31 00:00:00,Jaipur,PBUD035,125791
2024-04-30 00:00:00,Kolkata,PBUD040,58572
2024-02-29 00:00:00,Noida,PBUD037,127234
2024-06-30 00:00:00,Delhi,PBUD034,70014
2024-11-30 00:00:00,Delhi,PBUD039,107017
2024-09-30 00:00:00,Noida,PBUD034,69300
2024-09-30 00:00:00,Kolkata,PBUD035,71013
2024-02-29 00:00:00,Delhi,PBUD034,116185
2024-06-30 00:00:00,Noida,PBUD036,84375
2024-12-31 00:00:00,Delhi,PBUD035,52330
2024-09-30 00:00:00,Noida,PBUD040,121737
2024-01-31 00:00:00,Jaipur,PBUD039,86566
2024-08-31 00:00:00,Gtr Noida,PBUD036,107993
2024-05-31 00:00:00,Gurugram,PBUD040,83973
2024-07-31 00:00:00,Gtr Noida,PBUD036,90710
2024-02-29 00:00:00,Gurugram,PBUD037,77513
2024-07-31 00:00:00,Kolkata,PBUD037,120338
2024-08-31 00:00:00,Kolkata,PBUD037,108071
2024-07-31 00:00:00,Jaipur,PBUD038,108715
2024-02-29 00:00:00,Jaipur,PBUD040,85130
2024-04-30 00:00:00,Gtr Noida,PBUD034,63221
2024-07-31 00:00:00,Noida,PBUD038,34796
2024-11-30 00:00:00,Kolkata,PBUD038,34160
2024-07-31 00:00:00,Gtr Noida,PBUD040,54246
2024-05-31 00:00:00,Delhi,PBUD034,119322
2024-01-31 00:00:00,Kolkata,PBUD037,96617
2024-07-31 00:00:00,Gurugram,PBUD038,98560
2024-04-30 00:00:00,Jaipur,PBUD036,32683
2024-06-30 00:00:00,Gtr Noida,PBUD040,42706
2024-06-30 00:00:00,Kolkata,PBUD039,52733
2024-03-31 00:00:00,Noida,PBUD036,122674
2024-07-31 00:00:00,Gurugram,PBUD039,123469
2024-11-30 00:00:00,Gurugram,PBUD039,58293
2024-06-30 00:00:00,Delhi,PBUD038,54547
2024-09-30 00:00:00,Kolkata,PBUD037,104525
2024-04-30 00:00:00,Delhi,PBUD038,82372
2024-06-30 00:00:00,Kolkata,PBUD038,88750
2024-08-31 00:00:00,Noida,PBUD036,123064
2024-02-29 00:00:00,Delhi,PBUD036,46303
2024-04-30 00:00:00,Delhi,PBUD040,103146
2024-06-30 00:00:00,Gtr Noida,PBUD039,106286
2024-02-29 00:00:00,Delhi,PBUD037,40455
2024-03-31 00:00:00,Jaipur,PBUD036,60525
2024-07-31 00:00:00,Jaipur,PBUD037,95933
2024-01-31 00:00:00,Delhi,PBUD037,113166
2024-05-31 00:00:00,Kolkata,PBUD040,132036
2024-04-30 00:00:00,Gtr Noida,PBUD040,62874
2024-09-30 00:00:00,Noida,PBUD038,118394
2024-04-30 00:00:00,Delhi,PBUD036,120081
2024-07-31 00:00:00,Jaipur,PBUD039,81406
2024-10-31 00:00:00,Kolkata,PBUD039,47604
2024-03-31 00:00:00,Gurugram,PBUD037,65306
2024-07-31 00:00:00,Gtr Noida,PBUD037,47994
2024-06-30 00:00:00,Delhi,PBUD036,102487
2024-01-31 00:00:00,Delhi,PBUD038,69989
2024-10-31 00:00:00,Noida,PBUD037,124828
2024-02-29 00:00:00,Gurugram,PBUD034,37291
2024-04-30 00:00:00,Kolkata,PBUD034,56676
2024-07-31 00:00:00,Delhi,PBUD037,120562
2024-03-31 00:00:00,Delhi,PBUD040,46510
2024-05-31 00:00:00,Gtr Noida,PBUD039,49593
2024-11-30 00:00:00,Gtr Noida,PBUD035,49703
2024-05-31 00:00:00,Gurugram,PBUD035,31217
2024-04-30 00:00:00,Gurugram,PBUD038,32736
2024-08-31 00:00:00,Delhi,PBUD038,90178
2024-11-30 00:00:00,Delhi,PBUD035,45471
2024-12-31 00:00:00,Gurugram,PBUD038,111623
2024-04-30 00:00:00,Jaipur,PBUD034,30016
2024-11-30 00:00:00,Jaipur,PBUD037,115485
2024-07-31 00:00:00,Kolkata,PBUD035,113690
2024-08-31 00:00:00,Kolkata,PBUD039,122888
2024-08-31 00:00:00,Noida,PBUD040,73050
2024-02-29 00:00:00,Gtr Noida,PBUD039,86151
2024-11-30 00:00:00,Delhi,PBUD040,59470
2024-10-31 00:00:00,Noida,PBUD036,92414
2024-12-31 00:00:00,Delhi,PBUD034,72933
2024-06-30 00:00:00,Jaipur,PBUD040,121966
2024-01-31 00:00:00,Gtr Noida,PBUD036,73568
2024-06-30 00:00:00,Noida,PBUD039,66343
2024-12-31 00:00:00,Noida,PBUD035,32032
2024-08-31 00:00:00,Jaipur,PBUD036,32456
2024-08-31 00:00:00,Delhi,PBUD039,105581
2024-06-30 00:00:00,Gurugram,PBUD037,109617
2024-10-31 00:00:00,Delhi,PBUD034,34274
2024-01-31 00:00:00,Kolkata,PBUD040,100122
2024-05-31 00:00:00,Jaipur,PBUD036,105573
2024-06-30 00:00:00,Jaipur,PBUD037,68144
2024-09-30 00:00:00,Gurugram,PBUD034,48192
2024-02-29 00:00:00,Gurugram,PBUD040,72973
2024-06-30 00:00:00,Delhi,PBUD039,70124
2024-04-30 00:00:00,Gtr Noida,PBUD037,133146
2024-09-30 00:00:00,Jaipur,PBUD035,84520
2024-06-30 00:00:00,Jaipur,PBUD036,30520
2024-02-29 00:00:00,Noida,PBUD039,49648
2024-03-31 00:00:00,Gurugram,PBUD036,89788
2024-12-31 00:00:00,Noida,PBUD038,134170
2024-12-31 00:00:00,Delhi,PBUD036,114289
2024-11-30 00:00:00,Kolkata,PBUD034,114806
2024-09-30 00:00:00,Jaipur,PBUD036,119932
2024-09-30 00:00:00,Gtr Noida,PBUD035,89538
2024-04-30 00:00:00,Delhi,PBUD035,116526
2024-07-31 00:00:00,Kolkata,PBUD036,104774
2024-06-30 00:00:00,Gurugram,PBUD036,109541
2024-08-31 00:00:00,Jaipur,PBUD040,41342
2024-12-31 00:00:00,Noida,PBUD037,130102
2024-03-31 00:00:00,Jaipur,PBUD034,120104
2024-02-29 00:00:00,Delhi,PBUD035,100870
2024-08-31 00:00:00,Noida,PBUD038,102889
2024-11-30 00:00:00,Noida,PBUD035,130367
2024-04-30 00:00:00,Noida,PBUD040,68220
2024-06-30 00:00:00,Gtr Noida,PBUD036,103760
2024-05-31 00:00:00,Delhi,PBUD037,56889
2024-05-31 00:00:00,Noida,PBUD034,110089
2024-06-30 00:00:00,Kolkata,PBUD036,87897
2024-10-31 00:00:00,Jaipur,PBUD034,58145
2024-12-31 00:00:00,Jaipur,PBUD034,126050
2024-09-30 00:00:00,Kolkata,PBUD040,54680
2024-06-30 00:00:00,Kolkata,PBUD034,124564
2024-11-30 00:00:00,Noida,PBUD034,84794
2024-11-30 00:00:00,Noida,PBUD040,35634
2024-03-31 00:00:00,Gtr Noida,PBUD037,112598
2024-03-31 00:00:00,Noida,PBUD034,91450
2024-12-31 00:00:00,Gtr Noida,PBUD039,86168
2024-06-30 00:00:00,Gtr Noida,PBUD035,75262
2024-05-31 00:00:00,Jaipur,PBUD040,80382
2024-03-31 00:00:00,Jaipur,PBUD040,47141
2024-09-30 00:00:00,Noida,PBUD039,104553
2024-06-30 00:00:00,Jaipur,PBUD034,119545
2024-07-31 00:00:00,Noida,PBUD037,87052
2024-10-31 00:00:00,Gtr Noida,PBUD035,93458
2024-01-31 00:00:00,Noida,PBUD039,95184
2024-12-31 00:00:00,Gtr Noida,PBUD035,100883
2024-06-30 00:00:00,Jaipur,PBUD038,95281
2024-04-30 00:00:00,Noida,PBUD037,118351
2024-01-31 00:00:00,Jaipur,PBUD037,57810
2024-12-31 00:00:00,Jaipur,PBUD035,58451
2024-05-31 00:00:00,Gurugram,PBUD039,119100
2024-09-30 00:00:00,Kolkata,PBUD038,79931
2024-11-30 00:00:00,Noida,PBUD039,110086
2024-01-31 00:00:00,Gtr Noida,PBUD038,56832
2024-02-29 00:00:00,Jaipur,PBUD034,35460
2024-02-29 00:00:00,Jaipur,PBUD038,34057
2024-09-30 00:00:00,Kolkata,PBUD036,32754
2024-10-31 00:00:00,Gurugram,PBUD037,85566
2024-09-30 00:00:00,Jaipur,PBUD040,31676
2024-05-31 00:00:00,Delhi,PBUD039,58017
2024-11-30 00:00:00,Gurugram,PBUD038,80117
2024-10-31 00:00:00,Kolkata,PBUD037,104764
2024-10-31 00:00:00,Gtr Noida,PBUD040,132032
2024-05-31 00:00:00,Delhi,PBUD036,64935
2024-03-31 00:00:00,Kolkata,PBUD036,75377
2024-07-31 00:00:00,Delhi,PBUD039,123717
2024-11-30 00:00:00,Noida,PBUD037,100862
2024-10-31 00:00:00,Gtr Noida,PBUD039,108446
2024-09-30 00:00:00,Kolkata,PBUD034,131438
2024-09-30 00:00:00,Gtr Noida,PBUD034,34979
2024-05-31 00:00:00,Gtr Noida,PBUD034,77509
2024-12-31 00:00:00,Gtr Noida,PBUD038,105038
2024-11-30 00:00:00,Kolkata,PBUD039,50076
2024-06-30 00:00:00,Jaipur,PBUD035,33424
2024-09-30 00:00:00,Delhi,PBUD036,80856
2024-02-29 00:00:00,Gurugram,PBUD038,61731
2024-02-29 00:00:00,Gtr Noida,PBUD040,64483
2024-10-31 00:00:00,Jaipur,PBUD037,54332
2024-08-31 00:00:00,Jaipur,PBUD037,55551
2024-06-30 00:00:00,Delhi,PBUD035,123300
2024-12-31 00:00:00,Kolkata,PBUD037,57244
2024-08-31 00:00:00,Gtr Noida,PBUD035,108762
2024-11-30 00:00:00,Jaipur,PBUD038,123896
2024-09-30 00:00:00,Gurugram,PBUD039,94524
2024-08-31 00:00:00,Delhi,PBUD035,53441
2024-09-30 00:00:00,Gtr Noida,PBUD039,133919
2024-05-31 00:00:00,Jaipur,PBUD039,110268
2024-11-30 00:00:00,Gtr Noida,PBUD040,30526
2024-06-30 00:00:00,Kolkata,PBUD037,113683
2024-05-31 00:00:00,Delhi,PBUD040,35301
2024-10-31 00:00:00,Kolkata,PBUD034,51829
2024-03-31 00:00:00,Jaipur,PBUD038,90834
2024-08-31 00:00:00,Gurugram,PBUD038,73595
2024-02-29 00:00:00,Noida,PBUD038,37887
2024-07-31 00:00:00,Delhi,PBUD035,69462
2024-02-29 00:00:00,Gtr Noida,PBUD036,33784
2024-01-31 00:00:00,Gurugram,PBUD039,107412
2024-09-30 00:00:00,Delhi,PBUD038,55250
2024-10-31 00:00:00,Gurugram,PBUD035,30123
2024-07-31 00:00:00,Kolkata,PBUD034,94327
2024-02-29 00:00:00,Noida,PBUD034,32151
2024-01-31 00:00:00,Gtr Noida,PBUD040,87894
2024-03-31 00:00:00,Noida,PBUD039,130335
2024-12-31 00:00:00,Noida,PBUD039,120496
2024-03-31 00:00:00,Gurugram,PBUD035,93542
2024-07-31 00:00:00,Delhi,PBUD040,86638
2024-01-31 00:00:00,Gurugram,PBUD036,39100
2024-10-31 00:00:00,Kolkata,PBUD036,79138
2024-05-31 00:00:00,Noida,PBUD036,120176
2024-02-29 00:00:00,Delhi,PBUD040,37936
2024-05-31 00:00:00,Kolkata,PBUD034,83151
2024-05-31 00:00:00,Gtr Noida,PBUD035,54069
2024-03-31 00:00:00,Kolkata,PBUD039,73182
2024-12-31 00:00:00,Gurugram,PBUD037,125606
2024-07-31 00:00:00,Gurugram,PBUD034,69839
2024-11-30 00:00:00,Delhi,PBUD034,36982
2024-09-30 00:00:00,Jaipur,PBUD037,117362
2024-10-31 00:00:00,Jaipur,PBUD039,107949
2024-08-31 00:00:00,Delhi,PBUD037,117068
2024-01-31 00:00:00,Delhi,PBUD035,101465
2024-05-31 00:00:00,Jaipur,PBUD034,61396
2024-11-30 00:00:00,Jaipur,PBUD040,122859
2024-11-30 00:00:00,Kolkata,PBUD035,31127
2024-03-31 00:00:00,Gurugram,PBUD040,31237
2024-03-31 00:00:00,Jaipur,PBUD039,101031
2024-12-31 00:00:00,Kolkata,PBUD039,84402
2024-01-31 00:00:00,Noida,PBUD036,30504
2024-09-30 00:00:00,Delhi,PBUD037,128366
2024-03-31 00:00:00,Kolkata,PBUD040,80891
2024-10-31 00:00:00,Gtr Noida,PBUD036,70289
2024-10-31 00:00:00,Gtr Noida,PBUD037,102787
2024-02-29 00:00:00,Gtr Noida,PBUD037,110185
2024-06-30 00:00:00,Noida,PBUD034,73578
2024-04-30 00:00:00,Jaipur,PBUD035,59225
2024-04-30 00:00:00,Gtr Noida,PBUD039,64582
2024-05-31 00:00:00,Delhi,PBUD038,72854
2024-02-29 00:00:00,Gtr Noida,PBUD038,134464
2024-02-29 00:00:00,Noida,PBUD040,99562
2024-12-31 00:00:00,Gurugram,PBUD039,72488
2024-08-31 00:00:00,Gtr Noida,PBUD034,121423
2024-01-31 00:00:00,Gtr Noida,PBUD034,126933
2024-04-30 00:00:00,Delhi,PBUD037,101594
2024-06-30 00:00:00,Gtr Noida,PBUD038,37685
2024-11-30 00:00:00,Jaipur,PBUD035,64073
2024-03-31 00:00:00,Kolkata,PBUD037,44506
2024-09-30 00:00:00,Jaipur,PBUD034,124455
2024-04-30 00:00:00,Noida,PBUD038,102482
2024-02-29 00:00:00,Gtr Noida,PBUD035,51930
2024-09-30 00:00:00,Jaipur,PBUD039,105582
2024-01-31 00:00:00,Kolkata,PBUD035,81480
2024-03-31 00:00:00,Gtr Noida,PBUD034,34541
2024-12-31 00:00:00,Noida,PBUD040,79815
2024-03-31 00:00:00,Jaipur,PBUD037,48391
2024-07-31 00:00:00,Gurugram,PBUD035,48810
2024-01-31 00:00:00,Jaipur,PBUD038,134026
2024-01-31 00:00:00,Jaipur,PBUD040,108409
2024-10-31 00:00:00,Noida,PBUD038,60868
2024-04-30 00:00:00,Noida,PBUD035,112986
2024-08-31 00:00:00,Kolkata,PBUD034,100892
2024-01-31 00:00:00,Gtr Noida,PBUD037,33641
2024-12-31 00:00:00,Kolkata,PBUD040,68865
2024-06-30 00:00:00,Gurugram,PBUD035,133417
2024-12-31 00:00:00,Delhi,PBUD038,52409
2024-10-31 00:00:00,Kolkata,PBUD040,77532
2024-04-30 00:00:00,Noida,PBUD036,48841
2024-09-30 00:00:00,Noida,PBUD036,107461
2024-12-31 00:00:00,Gtr Noida,PBUD034,60240
2024-08-31 00:00:00,Gurugram,PBUD036,49925
2024-09-30 00:00:00,Delhi,PBUD039,62226
2024-09-30 00:00:00,Gtr Noida,PBUD037,97799
2024-12-31 00:00:00,Kolkata,PBUD038,71481
2024-06-30 00:00:00,Gurugram,PBUD038,87176
2024-06-30 00:00:00,Noida,PBUD038,124228
2024-09-30 00:00:00,Gtr Noida,PBUD036,68609
2024-04-30 00:00:00,Gurugram,PBUD035,106743
2024-04-30 00:00:00,Delhi,PBUD034,92564
2024-01-31 00:00:00,Noida,PBUD034,72580
2024-08-31 00:00:00,Gurugram,PBUD040,67788
2024-03-31 00:00:00,Noida,PBUD040,82390
